1473 2470
703 60 740 111 7
772 62 797 114 3

133 142 439 261 QVidam
472 145 620 209 faber
650 62 919 210 {omisuae
950 158 1004 210 sc
1024 174 1203 212 canem
1224 160 1317 217 bn·

269 217 440 275 bebat.
462 222 563 277 Hic
580 222 755 279 donec
773 245 937 299 opere
955 229 1205 285 faciundo
1226 254 1315 289 exa

126 290 403 345 ercebatur
439 294 596 349 herus
614 334 628 354 ,
649 300 909 353 accubans
946 302 1048 373 ipse
1080 304 1312 364 dormie-

126 359 228 415 bat.
266 364 553 439 Postquam
586 367 832 426 assederat
848 410 861 430 ‚
878 391 942 427 vt
961 375 1136 440 ciqu
1158 397 1311 451 cape-

120 432 433 511 ret‚surgens
453 444 504 494 δε
526 443 811 498 extendens
833 463 972 501 artus
992 450 1061 502 i-ta
1079 449 1143 502 ad
1162 469 1310 505 men-

120 504 222 560 sam
244 512 681 584 accedebat.Qae
698 536 816 570 cum
838 520 899 572 ad
919 520 1060 575 hunc
1078 524 1304 579 modum

118 577 249 652 saepe
266 582 485 646 fierent,
515 588 728 643 tandem
765 584 910 645 faber
926 631 941 655 ‚
960 596 1097 670 Ego,
1117 598 1305 669 inquit,

116 650 228 707 hoc
246 656 334 708 vix
352 675 547 729 potero
565 658 702 715 ferre
721 662 915 718 diutius
934 704 948 724 ‚
971 685 1033 720 vt
1051 668 1175 721 dum
1199 688 1302 744 ego

118 724 413 804 defatigor,
445 747 504 785 tu
547 734 774 808 quiescas
793 775 808 799 ,
845 743 898 793 &
930 743 1039 795 νηὶ
1090 759 1301 799 mecum

112 798 351 873 pascaris.
712 817 721 828 '
1061 860 1086 901 ἱ

186 874 384 931 Fabula
402 893 592 934 monet
607 916 622 940 ‚
640 899 754 936 non
777 882 965 939 durare
996 891 1303 945 conune’tio-

111 962 235 1000 nem
255 946 646 1007 laboriosorum
680 959 731 1009 δε
752 956 1001 1013 defidum.
1035 962 1105 1017 Et
1122 963 1217 1019 esse
1236 983 1298 1019 0-

112 1019 251 1104 ciuxp
271 1041 392 1076 cum
410 1027 642 1100 negocio
661 1033 1066 1103 exaequandum.

197 1164 311 1222 DE
355 1168 649 1228 Leone
704 1192 802 1231 ετ
842 1178 1216 1237 TAVRIs.

197 1314 281 1369 Eo
301 1314 554 1371 inuitatos
588 1319 654 1375 ad
673 1341 877 1378 coenam
897 1364 911 1385 ,
930 1326 983 1379 in
1001 1344 1158 1400 quam
1182 1330 1289 1384 οιιὲ

196 1387 443 1460 parasset,
472 1406 656 1449 tauros
693 1397 903 1451 validos
925 1397 1084 1458 duos,
1102 1402 1156 1454 in
1175 1403 1287 1475 spe-

66 1494 68 1496 *
102 1474 223 1514 cum
242 1458 387 1516 suum
410 1461 601 1520 blanda
633 1472 880 1525 oratione
896 1472 1287 1546 perduxit‚vb-i

100 1532 346 1589 incautos
367 1535 581 1596 adoriri,
602 1546 656 1596 δε
676 1542 740 1598 de
760 1544 854 1598 illis
875 1544 1074 1618 epulari
1094 1550 1283 1620 opipa-

97 1601 157 1658 re
173 1606 355 1680 posset.
378 1615 498 1681 Qa
517 1613 604 1688 spe
618 1619 672 1671 &
688 1616 901 1692 grandia
924 1620 1056 1681 ναΐας
1077 1624 1131 1675 &
1151 1623 1282 1677 ollas

96 1678 337 1755 ingentes
355 1721 370 1743 ,
389 1687 442 1739 &
461 1686 669 1758 prolixa
688 1709 850 1746 verua
876 1706 1282 1766 praeparauerat.

95 1752 310 1819 Qibus
343 1754 633 1831 chnspeffls
665 1765 831 1823 tauri,
853 1764 1050 1821 referre
1063 1767 1278 1840 pedem,

96 1828 151 1879 δε
171 1828 659 1904 circumspectantes
693 1838 747 1892 in
781 1856 969 1893 omnes
984 1857 1160 1912 partes
1182 1842 1281 1896 dis-

94 1898 284 1954 cedere
303 1921 594 1977 coeperunt.
611 1910 686 1964 At
701 1909 789 1965 leo
806 1912 934 1985 quin
953 1911 1206 1969 accedant
1223 1920 1278 1969 &

87 1968 350 2029 assideant
379 1981 594 2049 quaerit,
613 1986 668 2037 δε
696 1984 799 2039 iam
831 1985 990 2060 dapes
1022 1985 1277 2043 affuturas

90 2046 177 2100 ait.
194 2047 338 2101 Tum
358 2048 476 2105 illos
498 2052 673 2111 dixisse
689 2054 884 2120 ferunt,
907 2058 1040 2114 Non
1059 2079 1278 2135 appare·
1307 2126 1310 2128 ,

74 2136 147 2187 ,τε
165 2118 232 2175 de
262 2120 430 2185 ναῦς,
464 2127 651 2185 ouium
685 2130 932 2187 carnibus
964 2132 1274 2190 instructum

754 2202 855 2261 Bb
938 2227 966 2278 3
1211 2207 1275 2262 iri
