1449 2455
725 43 866 94 266

211 149 357 205 illum
391 143 676 217 compellat
691 181 707 203 ‚
742 148 796 200 δι
841 141 1127 218 gratulatur
1157 139 1389 200 aduentu

210 218 468 297 prospero
489 219 621 275 illius
641 236 656 272 ι
678 214 790 273 Diu
807 218 963 276 enim,
982 216 1166 287 inquit,
1183 216 1214 271 a
1229 217 1384 271 nobis

216 291 424 349 abfuisti
445 331 459 353 ‚
480 298 535 347 &
552 291 783 346 solicitos
804 288 1025 343 habuisti
1046 307 1195 342 mora
1212 295 1384 342 reuer-

214 366 374 422 fionis
390 382 513 420 tuae.
546 365 726 433 Lupus
746 361 1080 434 vulpeculam
1098 360 1385 415 affentatio-

212 459 283 495 ne
298 438 382 492 sua
398 436 593 511 aliquid
613 436 677 489 de
693 433 870 510 praeda
887 433 979 489 fibi
999 446 1230 507 quaerere
1244 433 1391 488 intei-

215 511 382 586 ligens
401 531 415 564 ι
436 511 613 567 Bene,
639 510 810 581 inquit
827 547 839 568 ‚
862 508 1020 562 habet
1037 545 1051 565 ‚
1072 506 1168 560 tibi
1213 522 1388 561 tamen

213 601 419 659 partem
453 579 639 637 afferre
680 599 794 634 non
825 583 993 653 potui.
1025 578 1165 634 Falsa
1192 578 1271 652 spe
1302 582 1389 632 sua

215 656 407 729 vulpes
426 695 441 716 ,
462 661 515 710 δε
533 653 600 721 ad
616 656 743 708 iram
761 692 775 714 ‚
797 659 849 707 δε
869 651 1118 708 vindi&ae
1137 651 1391 724 cupidita-

211 746 321 785 tem
343 722 623 787 conuersa,
654 724 855 781 accedit
885 725 950 779 ad
981 723 1237 799 pastorem
1256 762 1271 785 ‚
1308 729 1381 783 δε,

218 804 372 858 Heus
402 819 458 856 tu
478 839 492 861 ,
515 799 644 874 quid
678 797 804 854 mihi
838 798 960 853 dare
990 801 1070 852 vis
1089 836 1105 859 ‚
1139 796 1392 870 inquit,fi

213 894 360 929 nunc
377 876 643 930 tradidero
661 874 716 926 in
735 889 947 926 manum
967 888 1108 925 tuam
1129 870 1393 943 sempiter-

214 966 346 1002 num
365 945 570 1002 hostem
590 946 757 1021 gregis
778 946 892 1000 tuit'
910 943 1127 1004 Omnia,
1149 962 1263 1018 quae
1276 941 1392 996 vel-

215 1018 303 1081 let,
321 1023 669 1092 promittente
683 1015 891 1090 pastore
906 1055 919 1073 ‚
938 1035 1138 1089 paucos
1158 1015 1390 1071 caseolos

157 1101 160 1102 ’
210 1094 517 1166 paciscitur,
539 1097 592 1145 ὃς
621 1090 764 1145 illum
787 1090 850 1143 ad
881 1088 1395 1163 specumlupiarma-

216 1182 332 1220 tum
371 1163 615 1225 deducit,
634 1164 725 1237 qui·
756 1160 905 1217 facile
935 1162 1078 1216 hunc
1106 1163 1388 1218 interemit.

215 1237 411 1293 Postea
435 1237 655 1309 vulpem
689 1237 990 1290 venientem
1008 1236 1230 1308 petitum
1252 1253 1391 1289 mer-

216 1310 401 1381 cedem
433 1309 757 1384 proditionis
775 1345 790 1368 ,
811 1306 1062 1362 accersitis
1096 1307 1161 1362 ad
1180 1323 1388 1382 tempus

216 1382 529 1438 destinatum
549 1380 893 1448 venatoribus
916 1380 1114 1455 obijcit.
1155 1381 1288 1454 Itaq;
1307 1378 1395 1434 illa

214 1454 311 1512 fibi
325 1458 595 1525 interitum
613 1455 887 1509 imminere
903 1453 1092 1507 videns
1118 1472 1130 1507 :
1149 1454 1289 1512 Hoc,
1309 1454 1392 1505 in-

215 1531 357 1602 quit,
378 1530 616 1583 diuinum
637 1526 776 1582 certe
795 1525 865 1582 est
882 1525 1130 1580 iudicium
1149 1562 1163 1585 ,
1181 1541 1244 1579 vt
1261 1535 1384 1600 ego‚'
1448 1579 1449 1592 ¹

217 1620 338 1675 quae
369 1601 591 1656 alterum
625 1599 806 1654 fraude
833 1597 1070 1673 perdidi,
1089 1596 1272 1652 fraude
1290 1599 1391 1652 cira
1448 1594 1449 1600 ’

215 1682 499 1731 eumuenta
517 1675 786 1728 inteream.
1448 1670 1449 1730 ἴ

289 1745 486 1801 Fabula
515 1760 756 1800 narratur
786 1760 988 1801 contra
1017 1743 1300 1806 inuidiam,
1333 1743 1390 1800 84
1448 1768 1449 1784 ¹

221 1818 398 1880 docet,
419 1817 586 1873 malos
607 1816 742 1889 {nale
757 1820 943 1891 perire.

368 1927 646 1981 Lvrvs
695 1945 791 1981 ET
829 1926 1201 1982 H1Rcvs.

213 2032 467 2136 Hircus
487 2033 713 2089 euaserat
742 2033 924 2107 lupum
958 2035 1316 2106 insequentem
1335 2032 1391 2101 iu
1448 2086 1449 2103 2

323 2124 544 2180 rupem,
574 2109 629 2162 in
661 2124 818 2182 quam
849 2109 1127 2186 peruenire
1157 2104 1242 2160 iile
1273 2108 1389 2158 non

1197 2176 1386 2253 posset.
