1449 2455
635 43 782 99 372

112 169 333 233 regnum
355 141 446 221 ipfi
465 136 734 214 obtigerit,
751 147 867 185 non
886 123 1079 184 debere
1098 118 1146 174 se
1165 115 1303 173 cela-

117 252 174 288 re
194 270 212 294 ‚
232 243 347 300 quae
369 228 696 291 magnopere
713 222 775 260 vt
807 197 1095 255 rescisceret
1115 231 1130 252 ‚
1149 186 1304 261 ipsius

122 296 359 361 interesse
388 291 744 347 arbitraretur.
778 271 924 344 Qid
942 267 995 325 id
1013 265 1133 323 esset
1149 263 1306 317 finnio

126 366 474 443 interroganti
493 385 505 416 .·
524 334 1261 416 Thesaurum‚respondit‚ssbi
1281 332 1316 387 ὰ

128 466 277 528 patre
296 444 387 497 {uo
408 435 695 505 indicatum
716 422 827 481 esse,
849 414 1105 472 defossum
1124 411 1177 463 in
1193 403 1316 460 soli--

133 524 321 580 tudine
339 555 352 574 ,
372 512 461 585 qui
479 511 589 562 iure
609 501 754 576 regni
772 494 836 550 ad
855 487 1019 565 ipsum
1039 489 1138 539 iam
1157 479 1322 554 perti⁴

135 614 264 653 nere
281 586 542 642 videatur.
579 578 770 630 Eamus
792 569 947 643 igitur
964 601 978 622 ‚
998 558 1169 632 inquit
1185 551 1326 606 sunia

144 690 204 725 us
224 682 304 726 ‚vt
322 658 589 729 tollamus,
609 651 770 717 ¹¹Caue
800 657 859 695 tu
875 675 890 698 ‚
922 632 1095 707 inquit
1110 624 1325 697 vulpes,

145 759 273 799 nam
307 752 408 809 ego
442 730 572 798 saepe
605 716 782 775 audiui
813 708 1051 786 periculo
1084 697 1333 763 effossio-

151 833 276 872 nem
296 801 514 863 thesauri
533 814 646 850 non
665 805 854 847 carere.
892 778 1034 836 Nihil
1049 814 1064 837 ,
1084 773 1256 846 inquit
1270 764 1337 822 fi-

156 891 292 945 mius
313 922 327 942 ‚
345 872 562 953 periculi
577 866 677 922 est:
712 881 776 917 an
796 875 855 913 tu
888 849 1110 909 obsecro
1144 849 1296 900 times
1313 840 1341 896 ε’

156 965 357 1020 Eamus
390 951 547 1026 igitur
565 981 578 1001 ‚
615 938 785 1009 inquit
816 929 1003 1003 vulpes
1023 963 1038 985 ,
1054 920 1089 976 fi
1107 916 1342 973 videtur.

323 1026 336 1041 '
488 1016 638 1073 siluas
669 1011 758 1063 diu
775 991 1194 1059 circumduxisset
1206 986 1347 1043 suni-

278 1144 291 1163 ,
545 1092 554 1100 '
603 1083 746 1139 ducit
763 1084 815 1132 in
833 1076 1052 1147 laqueos
1084 1066 1174 1120 sub
1194 1060 1351 1116 fruti-

169 1184 320 1238 cibus
349 1163 691 1228 absconditos
730 1151 795 1208 ad
843 1159 1112 1220 capturam
1160 1133 1351 1191 bestia-

171 1272 311 1312 rum,
329 1263 434 1317 atq;
454 1240 525 1294 ibi
543 1233 668 1289 dicit
684 1225 979 1289 thesaurum
1002 1209 1279 1269 defoffum‚
1301 1209 1359 1259 δε

177 1329 320 1386 illinc
339 1309 630 1376 eruendum
650 1303 761 1359 effe.
790 1294 984 1351 Simius
1003 1285 1247 1343 festinans
1265 1296 1363 1333 nea

223 1419 286 1453 ue
301 1385 613 1471 prouidens,
633 1375 802 1451 statim
823 1366 1043 1439 capitur,
1061 1377 1121 1413 ac
1139 1351 1369 1427 implicia

247 1517 259 1526 ,
502 1458 641 1531 lpem
659 1489 674 1509 ,
690 1445 785 1502 fibi
802 1458 863 1496 vt
878 1441 1155 1494 succurrat.
1175 1429 1252 1482 Ea
1267 1443 1368 1479 ve-

185 1544 249 1606 ῐό
269 1542 316 1597 se
335 1551 509 1613 regem
542 1526 797 1597 attingere
824 1530 940 1568 non
974 1507 1166 1562 debere
1184 1502 1283 1554 ait:
1302 1496 1373 1552 Et

192 1592 829 1678 discedens‚Non,inquit‚
847 1580 1129 1641 saltationis
1148 1586 1372 1630 euentus

194 1704 418 1767 regnum
439 1673 754 1733 merebatur.

275 1756 468 1817 Fabula
484 1746 679 1804 indicat
695 1779 710 1800 ‚
728 1737 967 1805 honores
998 1722 1249 1798 indignos
1266 1732 1382 1769 ma-

203 1842 280 1920 gis
300 1831 487 1888 laedere
504 1841 562 1876 ac
597 1813 919 1887 deprimere,
938 1805 1095 1875 quam
1125 1808 1315 1866 augere
1333 1789 1390 1840 δε

206 1924 413 1971 ornare.
436 1901 500 1954 Et
514 1890 785 1948 stultarum
803 1875 1172 1951 inceptionum
1189 1865 1389 1920 exitum

209 1986 307 2044 effe
326 1975 587 2036 ihfeiicem
609 1962 784 2016 docet.

404 2121 699 2178 Fauna
743 2120 836 2159 ET
879 2097 1184 2156 cssnxs.

860 2183 870 2195 “
1164 2150 1404 2229 Qidatn
