1449 2455
705 45 859 111 406

196 152 460 212 truneauit
476 189 490 211 ,
506 164 569 204 vt
584 167 652 202 ne
680 167 820 202 vnus
841 143 1053 220 quidem
1073 142 1138 198 de
1154 141 1295 200 eaede
1311 159 1368 197 e-

196 229 475 285 laberetur.
490 222 801 277 Ita‘demum
822 224 875 274 ὃς
892 219 921 274 εὶ
939 217 1034 290 dijs
1055 215 1368 271 immortalia

199 303 296 358 bus
314 297 522 375 protegi
539 295 697 354 hunc,
721 300 773 348 δε
793 293 1154 346 innocentiam
1173 288 1370 344 calum·-

196 377 296 450 nijs
317 384 678 447 oppugnatam
699 365 858 426 fuisse,
877 363 1371 431 intellectum.Qa-

198 462 422 523 propter
437 443 650 498 Iobates
668 443 721 494 in
739 438 885 494 suum
904 455 1124 511 regnum
1142 449 1379 508 recepto,

204 520 292 575 dat
308 535 534 573 onrem
549 514 705 569 filiam
726 511 864 567 suam
885 508 1237 569 Cassandram,
1258 524 1374 562 om-

202 589 382 668 nemc'1;
398 592 598 664 regium
628 587 895 641 honorem
914 622 929 645 ‚
963 583 1013 637 di
1053 583 1266 636 nitatem
1287 617 1301 638 ‚
1324 597 1380 634 e-

207 667 534 724 molumenta
577 679 695 717 cum
731 659 820 713 illo
872 601 1139 730 aequasiter
1172 652 1378 707 diuidit.

205 744 253 800 T
260 760 346 795 um
392 734 526 794 vero
574 736 720 808 Lyci]
758 731 1082 805 suspicientes
1129 728 1384 781 virtutem

208 812 657 886 Bellerophontis,
679 824 931 879 tanquam
951 803 1078 858 Deo
1099 801 1276 855 lucum
1295 817 1382 852 ex-

212 892 392 947 imium
410 888 739 941 sacrauerunt
756 919 769 940 ‚
789 880 885 935 vbi
915 880 968 932 in
988 876 1137 932 omni
1156 873 1309 944 copia
1326 874 1382 926 &

211 961 550 1019 foecunditate
567 956 690 1014 soli,
710 959 762 1009 Sc
792 951 1096 1008 amoenitate
1125 946 1231 1001 loci
1248 947 1384 998 inter

214 1038 400 1115 segetes
419 1074 433 1095 ‚
452 1049 691 1093 racemos
708 1068 722 1089 ‚
742 1022 998 1097 fruetusc'p
1026 1021 1278 1078 arborum
1297 1012 1388 1070 vi-

214 1126 316 1167 tam
335 1110 563 1185 degeret.
598 1105 660 1158 ln
693 1120 794 1175 qua
810 1101 895 1155 ille
909 1098 1152 1153 felicitate
1170 1090 1385 1163 suscepit

217 1199 392 1239 ternos
423 1183 618 1236 liberos
640 1174 889 1250 quoq;‘de
905 1188 1077 1226 vxore
1110 1164 1224 1225 sua,
1247 1162 1388 1230 Isan-

219 1256 384 1315 drum.
409 1249 812 1328 Hippolochum
834 1252 887 1301 &
908 1240 1381 1308 Laodamimmque

145 1347 148 1350 ·
217 1329 335 1384 Ioui
375 1328 570 1403 placuit
587 1364 601 1385 ‚
636 1317 869 1398 genuitc'p
904 1317 974 1373 illi
1005 1310 1387 1386 Sarpedonem.

206 1403 374 1458 'Hunc
390 1405 458 1455 ita
478 1398 655 1453 dilexit
685 1396 883 1469 Iupiter
898 1430 912 1451 ,
928 1405 991 1444 vt
1008 1382 1338 1443 interfectum
1357 1382 1387 1436 a

218 1475 465 1533 Patroclo
483 1472 696 1527 honore
726 1466 1015 1541 sanguineae
1030 1459 1224 1534 pluuiae
1252 1473 1384 1530 pro-

221 1549 415 1603 secutus
433 1586 447 1608 ‚
467 1545 658 1603 curarit
673 1539 859 1596 deferri
876 1539 929 1590 in
966 1534 1181 1606 Lyciam
1202 1533 1232 1585 ‘a
1250 1527 1389 1582 duo-

222 1621 322 1677 bus
342 1619 579 1685 {ratribus
600 1616 738 1670 Leto
761 1618 816 1667 δε
834 1611 1050 1682 Sopore
1067 1644 1081 1666 ‚
1101 1603 1197 1660 vbi
1214 1603 1391 1675 apro·-

221 1695 426 1770 pinquis
457 1687 736 1746 conditum
771 1701 965 1755 corpus
997 1679 1130 1733 illius
1153 1671 1391 1750 apposita

228 1766 469 1821 columna
485 1764 515 1836 (
519 1777 580 1816 vt
596 1762 649 1815 in
665 1757 974 1813 honorificis
1007 1749 1278 1828 sepulturis
1296 1745 1390 1802 fie-

227 1842 266 1896 ri
283 1839 584 1909 consueuit)
603 1831 965 1890 tumularetur.

212 2066 214 2068 ¹
296 1989 409 2052 DE
451 1988 677 2046 Bovn
742 1962 1337 2032 RVMINANTE'

647 2061 940 2116 &Porc0.

1247 2200 1254 2205 ¹
1282 2171 1407 2261 Bos
1446 2159 1449 2200 ²
