1449 2455
713 47 864 119 4128

227 147 232 151 .
515 123 540 151 Ω

204 157 457 226 &Samiae
495 154 744 222 dicitur,
786 175 916 215 eam
969 154 1235 217 adduxit.
1281 153 1396 217 Sed

203 236 311 292 hoc
329 235 412 289 illa
428 232 619 310 refugit
637 251 700 288 vt
736 236 1080 290 contrarium.

280 309 411 363 Non
447 308 631 364 eadem
667 308 919 362 omnibus
965 308 1196 364 iucunda
1226 308 1407 364 videri'

203 401 264 435 ac
282 381 392 441 esse,
418 380 693 434 docemur.
728 379 920 457 ltemt'1;
939 419 952 442 ,
974 383 1204 456 Copiam
1236 382 1399 453 volu-

207 455 365 528 ptatis
387 451 689 529 fugiendam
713 453 824 509 esse.

379 580 490 659 DE
535 581 774 644 AQVA
822 600 917 636 ετ
958 579 1223 649 OL1-20.

215 708 437 808 SVper
465 726 655 780 aquam
689 703 917 773 effusum¹
957 707 1137 762 oleum
1161 707 1399 781 natabat.

287 784 414 836 Hoc
432 799 580 854 aquae
596 780 811 836 dolebat
826 819 841 840 ‚
863 799 980 854 quae
999 780 1196 834 diceret
1212 782 1403 835 imme-

213 853 319 908 rito
339 855 385 909 se
420 855 591 927 premi
623 854 686 907 ab
707 873 772 908 eo
792 890 805 912 ,
841 856 986 909 cuius
1025 853 1272 909 arborem
1307 853 1401 909 suo

215 926 447 982 humore
465 926 698 986 fouisset‚
718 943 780 980 vt
796 928 1009 1002 gignere
1028 926 1194 981 oliuas
1212 926 1399 1000 posset,

212 1000 361 1054 vnde
381 1000 545 1071 ipsum
564 999 686 1054 vess'et
706 998 1011 1071 expressum.
1043 998 1192 1054 Nihil
1212 1019 1400 1054 curans

218 1072 330 1128 hoc
346 1073 522 1126 oleum
544 1112 557 1132 ‚
579 1091 707 1126 mox
723 1070 864 1125 forte
880 1074 1000 1147 igne
1021 1088 1326 1144 correptum
1351 1078 1405 1126 δε

220 1144 1006 1206 inflammatum,consumitur:
1041 1147 1198 1218 Aqua
1230 1164 1405 1216 rema-

218 1237 380 1273 nente
411 1223 468 1274 8<
512 1216 834 1292 impediente
867 1219 1021 1272 etiam
1071 1218 1403 1292 conflagratia

221 1311 402 1347 onem.

293 1363 489 1419 Fabula
511 1380 749 1418 narratur
769 1362 834 1417 de
852 1364 1183 1439 ingratorum
1205 1363 1407 1420 malicia

226 1442 280 1494 &
302 1438 574 1495 bonorum
595 1436 935 1510 simplicitate.

449 1564 548 1619 DE
591 1563 1178 1619 PROMETH’EO.

321 1691 428 1747 Vm
450 1691 670 1765 experiri
687 1689 848 1744 vellet
867 1689 1220 1745 Prometheus
1241 1726 1255 1750 ‚
1275 1689 1403 1744 vtrfi

320 1766 454 1818 inter
472 1763 718 1818 homines
737 1801 752 1824 ‚
772 1782 909 1836 quos
945 1767 1047 1817 iam
1083 1779 1314 1836 coeperat
1331 1761 1408 1816 ef-

222 1835 423 1912 fingere
438 1876 452 1898 ‚
498 1833 767 1890 consensio
816 1835 988 1908 aliqua
1019 1835 1072 1890 &
1104 1840 1406 1890 animorum

229 1910 603 1963 conuenientia
634 1910 807 1963 futura
825 1908 972 1972 esset,
991 1908 1290 1982 priusquam
1320 1921 1406 1962 ca-

222 1998 320 2053 put
336 1982 541 2057 reliquo
560 1982 778 2054 corpori
795 1997 997 2055 aptaret
1011 2020 1026 2043 ,
1044 1983 1097 2035 in
1117 2000 1226 2055 quo
1246 1983 1410 2035 ratio-

220 2073 343 2109 nem
379 2060 433 2110 δε
479 2055 860 2130 cogitationem
912 2059 967 2110 δε
1010 2056 1415 2130 intelligentiam¹

225 2128 493 2185 collocare
522 2132 790 2204 placuerat
805 2167 817 2191 ,
841 2127 1089 2205 congesta
1105 2128 1311 2202 aliquot
1328 2144 1415 2209 ca·-

710 2230 717 2239 ··
1233 2214 1403 2273 capita
