1473 2470
604 41 753 95 401

83 127 419 202 tuguriolum
442 129 760 204 impetrarat.
772 134 831 188 In
853 134 904 190 id
923 135 1030 194 loci
1046 157 1163 198 cum
1185 141 1268 202 de-

89 201 360 264 cubuisset,
386 203 511 257 nihi!
532 223 644 260 non
665 211 1033 281 experiebatur
1050 215 1271 275 miseria-

87 293 224 329 rum.
243 276 1018 351 Apponebaturcoenaturienti
1035 299 1182 362 panis
1200 296 1269 348 ci·

87 346 262 402 barius
299 388 313 410 ,
333 351 488 404 aridis
508 352 598 406 vix
615 350 851 410 faucibus
871 356 1033 415 hianti
1065 362 1266 435 hydro-

81 423 372 493 poterium.
395 422 559 500 Ian-1113
580 423 773 483 diurno
800 431 992 488 ⁴itinere
1010 433 1264 494 lassescen-

86 494 156 553 ti,
178 510 329 549 torus
350 495 548 571 ligneus
567 537 582 559 ‚
601 499 753 555 nullis
786 502 1067 562 frondibus
1087 548 1100 567 ‚
1119 515 1262 570 nullo

121 568 337 628 ramine,
359 568 442 623 sed
459 575 818 643 praetenuibus
839 579 996 650 paleis
1016 581 1261 643 insterne-

81 584 253 694 {atun
275 643 441 716 Atqui
461 644 633 707 dicere
650 665 763 701 non
785 650 858 706 est
875 650 1026 709 huius
1048 656 1254 721 institui.

79 712 243 786 quam
262 719 614 785 conuenerit-rt
647 720 782 775 male
806 727 1063 783 ‘membris
1085 749 1133 785 m
1144 734 1255 790 olli-

80 785 202 848 bus»,
222 786 516 865 cuti.cu1aec'1;
535 790 627 864 (vt
643 794 712 849 ita
726 793 976 873 dixerim)
1009 801 1258 862 holoseri-
1283 808 1288 814 ’

77 877 154 914 cae
179 858 402 935 stragula
430 878 539 918 tam
569 865 856 930 dura,‘t'am
893 873 1097 931 barbari
1129 879 1253 936 vini,

77 930 309 987 Oriente
332 935 498 1012 igitur
540 940 633 992 vix
656 941 874 1001 :tandem
904 946 1002 1004 mo
1035 951 1251 1028 augusto

72 1002 266 1066 fidere,
289 1010 440 1080 quod
457 1011 669 1068 exaudit
685 1052 699 1073 ‚
721 1017 869 1089 quod
888 1020 1120 1077 intuetur
1136 1043 1255 1081 om·

69 1079 191 1139 nia,
224 1081 529 1138 conuenere
573 1083 772 1143 rursum
806 1110 991 1165 aranea
1014 1094 1162 1152 fimul
1196 1104 1254 1156 δε

66 1151 227 1207 Poda
266 1171 336 1209 ra.
367 1155 525 1211 Prior
552 1162 738 1215 aranea
766 1168 1046 1237 praeteritae
1068 1172 1244 1228 :nostis

75 1172 370 1289 molefiiaS,
402 1243 489 1283 tot
517 1229 764 1289 Iocorum
798 1246 1245 1301 commutationes

70 1295 347 1355 denarrat:
368 1301 421 1357 N
426 1320 529 1357 unc
557 1302 668 1360 heri
687 1313 1012 1383 exprobrans
1027 1334 1083 1371 m
1093 1318 1246 1374 undi-

69 1371 203 1438 ciem
222 1391 398 1434 ,nunc
427 1376 642 1432 nimiam
674 1380 1034 1456 scopariorum
1067 1388 1246 1446 obser-

70 1446 319 1517 uantiam:
349 1447 820 1525 Podagra'contra
855 1459 918 1513 de
935 1459 1148 1536 hospitis
1171 1465 1244 1520 sui

64 1515 290 1593 egestate
333 1523 610 1595 complura
649 1531 1099 1591 comminiscitur.-
1130 1539 1179 1593 N
1186 1557 1246 1594 ec

63 1591 244 1649 ocium
264 1591 424 1649 habet
442 1597 798 1657 demonstrare
823 1623 1031 1664 araneae
1059 1609 1243 1667 liuidas

60 1663 267 1720 vibices
286 1703 301 1727 ,
322 1684 449 1740 quas
479 1669 817 1731 adamantina
848 1676 1009 1736 fulcra
1037 1684 1241 1743 tenellae

29 1783 31 1787 Α
60 1737 689 1814 ειιῑὶοιιὶεείιῃμῐείῖἒτεηῑ.
724 1749 1014 1808 Consilium
1034 1756 1236 1822 ineunt,

56 1828 300 1867 araneam
321 1811 566 1891 deinceps
582 1836 873 1894 pauperum
893 1829 1115 1902 tuguria,
1134 1849 1239 1904 po-

59 1880 276 1960 dagram
293 1884 426 1942 vero
449 1888 669 1947 diuitum
690 1893 828 1950 aulas
848 1896 1042 1956 debere
1058 1901 1234 1958 subin·
1302 1946 1312 1954 -

56 1955 238 2030 gredi:
256 1959 319 2013 In
350 1959 487 2018 hanc
501 1983 688 2026 aranea
716 1969 940 2041 pedibus
960 2010 974 2032 ‚
995 1974 1234 2052 podagra.

55 2030 245 2085 animis
265 2031 414 2089 vadit
429 2029 749 2094 sententiam.
768 2041 1137 2118 Veruntamen
1154 2066 1235 2104 te-

51 2101 231 2161 nebris
249 2105 457 2165 iamiam
473 2111 1114 2184 increbrescentibus,vrbi
1132 2123 1240 2176 cui-

730 2186 789 2246 D
809 2188 844 2244 d
1077 2195 1226 2270 piam
