<?xml version="1.0" encoding="UTF-8"?>
<!DOCTYPE html PUBLIC "-//W3C//DTD XHTML 1.0 Transitional//EN"
    "http://www.w3.org/TR/xhtml1/DTD/xhtml1-transitional.dtd">
<html xmlns="http://www.w3.org/1999/xhtml" xml:lang="en" lang="en">
 <head>
  <title>
</title>
<meta http-equiv="Content-Type" content="text/html;charset=utf-8" />
  <meta name='ocr-system' content='tesseract 3.04.00' />
  <meta name='ocr-capabilities' content='ocr_page ocr_carea ocr_par ocr_line ocrx_word'/>
</head>
<body>
  <div class='ocr_page' id='page_1' title='image "./fabulaecaesopica00came_0439.png"; bbox 0 0 1473 2470; ppageno 0'>
   <div class='ocr_carea' id='block_1_1' title="bbox 0 48 1273 2179">
    <p class='ocr_par' dir='ltr' id='par_1_1' title="bbox 0 48 1273 2179">
     <span class='ocr_line' id='line_1_1' title="bbox 594 48 746 105; baseline -0.013 0"><span class='ocrx_word' id='word_1_1' title='bbox 594 48 638 105; x_wconf 76' lang='grc'><strong>4</strong></span> <span class='ocrx_word' id='word_1_2' title='bbox 664 50 687 89; x_wconf 88' lang='lat'>1</span> <span class='ocrx_word' id='word_1_3' title='bbox 715 49 746 103; x_wconf 74' lang='lat'>⁵·</span> 
     </span>
     <span class='ocr_line' id='line_1_2' title="bbox 74 131 1262 236; baseline 0.018 -50"><span class='ocrx_word' id='word_1_4' title='bbox 74 131 347 236; x_wconf 75' lang='lat' dir='ltr'>Cleonia</span> <span class='ocrx_word' id='word_1_5' title='bbox 369 135 592 194; x_wconf 84' lang='lat' dir='ltr'>esuriens</span> <span class='ocrx_word' id='word_1_6' title='bbox 612 180 626 201; x_wconf 89' lang='lat'><strong>,</strong></span> <span class='ocrx_word' id='word_1_7' title='bbox 649 160 769 197; x_wconf 86' lang='lat' dir='ltr'>cum</span> <span class='ocrx_word' id='word_1_8' title='bbox 791 142 964 200; x_wconf 83' lang='lat' dir='ltr'>subter</span> <span class='ocrx_word' id='word_1_9' title='bbox 978 146 1183 222; x_wconf 82' lang='lat' dir='ltr'>paludis</span> <span class='ocrx_word' id='word_1_10' title='bbox 1200 149 1262 209; x_wconf 36' lang='lat' dir='ltr'>aa*</span> 
     </span>
     <span class='ocr_line' id='line_1_3' title="bbox 167 217 1251 281; baseline 0.019 -21"><span class='ocrx_word' id='word_1_11' title='bbox 167 226 293 281; x_wconf 86' lang='lat' dir='ltr'>quas</span> <span class='ocrx_word' id='word_1_12' title='bbox 325 228 466 267; x_wconf 81' lang='lat' dir='ltr'>ranae</span> <span class='ocrx_word' id='word_1_13' title='bbox 482 250 496 271; x_wconf 87' lang='lat'><strong>,</strong></span> <span class='ocrx_word' id='word_1_14' title='bbox 531 217 584 268; x_wconf 90' lang='lat'>&amp;</span> <span class='ocrx_word' id='word_1_15' title='bbox 630 218 765 270; x_wconf 86' lang='lat' dir='ltr'>intra</span> <span class='ocrx_word' id='word_1_16' title='bbox 801 222 1106 277; x_wconf 76' lang='lat' dir='ltr'>cauernuias</span> <span class='ocrx_word' id='word_1_17' title='bbox 1141 223 1251 281; x_wconf 82' lang='lat' dir='ltr'>suas</span> 
     </span>
     <span class='ocr_line' id='line_1_4' title="bbox 67 281 1253 369; baseline 0.019 -38"><span class='ocrx_word' id='word_1_18' title='bbox 67 294 243 335; x_wconf 85' lang='lat' dir='ltr'>mures</span> <span class='ocrx_word' id='word_1_19' title='bbox 262 281 526 341; x_wconf 84' lang='lat' dir='ltr'>latitarent</span> <span class='ocrx_word' id='word_1_20' title='bbox 539 325 553 348; x_wconf 90' lang='lat'>,</span> <span class='ocrx_word' id='word_1_21' title='bbox 575 289 645 344; x_wconf 86' lang='lat' dir='ltr'>ita</span> <span class='ocrx_word' id='word_1_22' title='bbox 663 289 848 345; x_wconf 85' lang='lat' dir='ltr'>elicere</span> <span class='ocrx_word' id='word_1_23' title='bbox 869 296 1064 369; x_wconf 84' lang='lat' dir='ltr'>vtrinq;</span> <span class='ocrx_word' id='word_1_24' title='bbox 1081 299 1253 368; x_wconf 68' lang='lat' dir='ltr'>pabua</span> 
     </span>
     <span class='ocr_line' id='line_1_5' title="bbox 62 349 1252 441; baseline 0.019 -37"><span class='ocrx_word' id='word_1_25' title='bbox 62 349 172 407; x_wconf 86' lang='lat' dir='ltr'>lum</span> <span class='ocrx_word' id='word_1_26' title='bbox 196 353 341 410; x_wconf 86' lang='lat' dir='ltr'>suum</span> <span class='ocrx_word' id='word_1_27' title='bbox 361 360 585 434; x_wconf 76' lang='lat' dir='ltr'>aggressa</span> <span class='ocrx_word' id='word_1_28' title='bbox 601 360 884 419; x_wconf 85' lang='lat' dir='ltr'>fuit.Venit</span> <span class='ocrx_word' id='word_1_29' title='bbox 901 367 966 420; x_wconf 86' lang='lat' dir='ltr'>ad</span> <span class='ocrx_word' id='word_1_30' title='bbox 980 368 1252 441; x_wconf 60' lang='lat' dir='ltr'>paludem,</span> 
     </span>
     <span class='ocr_line' id='line_1_6' title="bbox 64 428 1254 508; baseline 0.018 -31"><span class='ocrx_word' id='word_1_31' title='bbox 64 428 118 478; x_wconf 75' lang='grc' dir='ltr'>δε</span> <span class='ocrx_word' id='word_1_32' title='bbox 137 444 313 482; x_wconf 81' lang='lat' dir='ltr'>narrat</span> <span class='ocrx_word' id='word_1_33' title='bbox 328 449 467 494; x_wconf 67' lang='lat' dir='ltr'>rana:</span> <span class='ocrx_word' id='word_1_34' title='bbox 483 432 692 508; x_wconf 83' lang='lat' dir='ltr'>audijffe</span> <span class='ocrx_word' id='word_1_35' title='bbox 710 437 898 495; x_wconf 87' lang='lat' dir='ltr'>se,cum</span> <span class='ocrx_word' id='word_1_36' title='bbox 915 442 944 495; x_wconf 70' lang='lat' dir='ltr'>a</span> <span class='ocrx_word' id='word_1_37' title='bbox 961 457 1112 496; x_wconf 84' lang='lat' dir='ltr'>mure</span> <span class='ocrx_word' id='word_1_38' title='bbox 1129 462 1254 499; x_wconf 83' lang='lat' dir='ltr'>ver-</span> 
     </span>
     <span class='ocr_line' id='line_1_7' title="bbox 65 496 1251 589; baseline 0.018 -38"><span class='ocrx_word' id='word_1_39' title='bbox 65 496 143 551; x_wconf 90' lang='lat' dir='ltr'>bis</span> <span class='ocrx_word' id='word_1_40' title='bbox 175 504 571 560; x_wconf 68' lang='lat' dir='ltr'>contumeliosis</span> <span class='ocrx_word' id='word_1_41' title='bbox 607 509 937 566; x_wconf 74' lang='lat' dir='ltr'>incesseretur</span> <span class='ocrx_word' id='word_1_42' title='bbox 966 533 1132 589; x_wconf 82' lang='lat' dir='ltr'>genus</span> <span class='ocrx_word' id='word_1_43' title='bbox 1164 536 1251 572; x_wconf 85' lang='lat' dir='ltr'>ra-</span> 
     </span>
     <span class='ocr_line' id='line_1_8' title="bbox 59 574 1248 658; baseline 0.019 -35"><span class='ocrx_word' id='word_1_44' title='bbox 59 588 248 628; x_wconf 87' lang='lat' dir='ltr'>narum</span> <span class='ocrx_word' id='word_1_45' title='bbox 267 612 280 633; x_wconf 85' lang='lat'>,</span> <span class='ocrx_word' id='word_1_46' title='bbox 301 574 479 653; x_wconf 66' lang='lat' dir='ltr'>cumc&#39;p</span> <span class='ocrx_word' id='word_1_47' title='bbox 502 597 616 634; x_wconf 88' lang='lat' dir='ltr'>mus</span> <span class='ocrx_word' id='word_1_48' title='bbox 651 580 759 637; x_wconf 87' lang='lat' dir='ltr'>hoc</span> <span class='ocrx_word' id='word_1_49' title='bbox 778 583 1061 658; x_wconf 85' lang='lat' dir='ltr'>despiciens</span> <span class='ocrx_word' id='word_1_50' title='bbox 1083 626 1098 649; x_wconf 86' lang='lat'>‚</span> <span class='ocrx_word' id='word_1_51' title='bbox 1117 587 1164 644; x_wconf 87' lang='lat' dir='ltr'>se</span> <span class='ocrx_word' id='word_1_52' title='bbox 1179 608 1248 645; x_wconf 86' lang='lat' dir='ltr'>v·-</span> 
     </span>
     <span class='ocr_line' id='line_1_9' title="bbox 59 658 1243 725; baseline 0.018 -29"><span class='ocrx_word' id='word_1_53' title='bbox 59 658 190 699; x_wconf 74' lang='lat' dir='ltr'>&#39;num</span> <span class='ocrx_word' id='word_1_54' title='bbox 223 662 405 703; x_wconf 87' lang='lat' dir='ltr'>ternos</span> <span class='ocrx_word' id='word_1_55' title='bbox 450 666 540 706; x_wconf 85' lang='lat' dir='ltr'>aut</span> <span class='ocrx_word' id='word_1_56' title='bbox 585 671 872 725; x_wconf 88' lang='lat' dir='ltr'>quaternos</span> <span class='ocrx_word' id='word_1_57' title='bbox 917 662 1243 721; x_wconf 75' lang='lat' dir='ltr'>ranunculos</span> 
     </span>
     <span class='ocr_line' id='line_1_10' title="bbox 55 719 1247 805; baseline 0.018 -35"><span class='ocrx_word' id='word_1_58' title='bbox 55 719 462 794; x_wconf 84' lang='lat' dir='ltr'>profligaturum</span> <span class='ocrx_word' id='word_1_59' title='bbox 495 723 646 780; x_wconf 72' lang='lat' dir='ltr'>facile</span> <span class='ocrx_word' id='word_1_60' title='bbox 677 727 772 783; x_wconf 83' lang='lat' dir='ltr'>effe</span> <span class='ocrx_word' id='word_1_61' title='bbox 788 730 1118 805; x_wconf 76' lang='lat' dir='ltr'>gloriaretur.</span> <span class='ocrx_word' id='word_1_62' title='bbox 1162 736 1247 792; x_wconf 84' lang='lat' dir='ltr'>lbi</span> 
     </span>
     <span class='ocr_line' id='line_1_11' title="bbox 57 791 1240 880; baseline 0.019 -38"><span class='ocrx_word' id='word_1_63' title='bbox 57 791 132 843; x_wconf 83' lang='lat' dir='ltr'>ira</span> <span class='ocrx_word' id='word_1_64' title='bbox 160 793 333 848; x_wconf 88' lang='lat' dir='ltr'>inflata</span> <span class='ocrx_word' id='word_1_65' title='bbox 363 814 486 850; x_wconf 84' lang='lat' dir='ltr'>rana</span> <span class='ocrx_word' id='word_1_66' title='bbox 504 837 517 859; x_wconf 94' lang='lat'>,</span> <span class='ocrx_word' id='word_1_67' title='bbox 538 800 584 853; x_wconf 83' lang='lat' dir='ltr'>se</span> <span class='ocrx_word' id='word_1_68' title='bbox 601 818 785 873; x_wconf 87' lang='lat' dir='ltr'>aperto</span> <span class='ocrx_word' id='word_1_69' title='bbox 817 807 870 857; x_wconf 89' lang='lat' dir='ltr'>in</span> <span class='ocrx_word' id='word_1_70' title='bbox 906 825 1096 880; x_wconf 85' lang='lat' dir='ltr'>campo</span> <span class='ocrx_word' id='word_1_71' title='bbox 1118 828 1240 864; x_wconf 87' lang='lat' dir='ltr'>cum</span> 
     </span>
     <span class='ocr_line' id='line_1_12' title="bbox 59 868 1242 952; baseline 0.019 -37"><span class='ocrx_word' id='word_1_72' title='bbox 59 878 208 917; x_wconf 84' lang='lat' dir='ltr'>mure</span> <span class='ocrx_word' id='word_1_73' title='bbox 241 868 527 943; x_wconf 81' lang='lat' dir='ltr'>congredi,</span> <span class='ocrx_word' id='word_1_74' title='bbox 562 892 622 926; x_wconf 89' lang='lat' dir='ltr'>ac</span> <span class='ocrx_word' id='word_1_75' title='bbox 645 873 947 952; x_wconf 85' lang='lat' dir='ltr'>depugnare</span> <span class='ocrx_word' id='word_1_76' title='bbox 978 880 1131 940; x_wconf 79' lang='lat' dir='ltr'>velle,</span> <span class='ocrx_word' id='word_1_77' title='bbox 1154 887 1242 937; x_wconf 85' lang='lat' dir='ltr'>ait.</span> 
     </span>
     <span class='ocr_line' id='line_1_13' title="bbox 53 937 1240 1016; baseline 0.019 -27"><span class='ocrx_word' id='word_1_78' title='bbox 53 937 256 994; x_wconf 80' lang='lat' dir='ltr'>Auolat</span> <span class='ocrx_word' id='word_1_79' title='bbox 286 942 441 1016; x_wconf 81' lang='lat' dir='ltr'>igitur</span> <span class='ocrx_word' id='word_1_80' title='bbox 459 943 582 999; x_wconf 89' lang='lat' dir='ltr'>inde</span> <span class='ocrx_word' id='word_1_81' title='bbox 601 948 806 1003; x_wconf 89' lang='lat' dir='ltr'>ciconia</span> <span class='ocrx_word' id='word_1_82' title='bbox 822 950 886 1004; x_wconf 91' lang='lat' dir='ltr'>ad</span> <span class='ocrx_word' id='word_1_83' title='bbox 903 953 1240 1012; x_wconf 79' lang='lat' dir='ltr'>cauernulam</span> 
     </span>
     <span class='ocr_line' id='line_1_14' title="bbox 56 1013 1240 1111; baseline 0.018 -50"><span class='ocrx_word' id='word_1_84' title='bbox 56 1013 217 1065; x_wconf 86' lang='lat' dir='ltr'>muris</span> <span class='ocrx_word' id='word_1_85' title='bbox 232 1051 246 1072; x_wconf 95' lang='lat'>‚</span> <span class='ocrx_word' id='word_1_86' title='bbox 268 1018 321 1068; x_wconf 72' lang='grc' dir='ltr'>δε</span> <span class='ocrx_word' id='word_1_87' title='bbox 339 1030 459 1070; x_wconf 90' lang='lat' dir='ltr'>ante</span> <span class='ocrx_word' id='word_1_88' title='bbox 477 1015 611 1073; x_wconf 88' lang='lat' dir='ltr'>hanc</span> <span class='ocrx_word' id='word_1_89' title='bbox 627 1018 806 1076; x_wconf 85' lang='lat' dir='ltr'>fimilia</span> <span class='ocrx_word' id='word_1_90' title='bbox 823 1023 888 1078; x_wconf 89' lang='lat' dir='ltr'>de</span> <span class='ocrx_word' id='word_1_91' title='bbox 905 1043 1042 1111; x_wconf 47' lang='lat' dir='ltr'>range</span> <span class='ocrx_word' id='word_1_92' title='bbox 1060 1025 1240 1102; x_wconf 83' lang='lat' dir='ltr'>super-</span> 
     </span>
     <span class='ocr_line' id='line_1_15' title="bbox 53 1080 1273 1170; baseline 0.017 -34"><span class='ocrx_word' id='word_1_93' title='bbox 53 1080 382 1156; x_wconf 88' lang='lat' dir='ltr'>biloquentia</span> <span class='ocrx_word' id='word_1_94' title='bbox 431 1098 606 1161; x_wconf 59' lang='lat' dir='ltr'>narrat</span> <span class='ocrx_word' id='word_1_95' title='bbox 623 1130 636 1153; x_wconf 87' lang='lat'>‚</span> <span class='ocrx_word' id='word_1_96' title='bbox 675 1100 727 1149; x_wconf 70' lang='lat'>8&lt;</span> <span class='ocrx_word' id='word_1_97' title='bbox 761 1112 1092 1170; x_wconf 80' lang='lat' dir='ltr'>quantopere</span> <span class='ocrx_word' id='word_1_98' title='bbox 1121 1099 1234 1156; x_wconf 81' lang='lat' dir='ltr'>suas</span> <span class='ocrx_word' id='word_1_99' title='bbox 1272 1141 1273 1144; x_wconf 20' lang='grc' dir='ltr'><strong>κ</strong></span> 
     </span>
     <span class='ocr_line' id='line_1_16' title="bbox 48 1155 1236 1242; baseline 0.018 -34"><span class='ocrx_word' id='word_1_100' title='bbox 48 1155 276 1214; x_wconf 82' lang='lat' dir='ltr'>virtutes</span> <span class='ocrx_word' id='word_1_101' title='bbox 324 1177 511 1217; x_wconf 89' lang='lat' dir='ltr'>contra</span> <span class='ocrx_word' id='word_1_102' title='bbox 551 1182 724 1220; x_wconf 87' lang='lat' dir='ltr'>mures</span> <span class='ocrx_word' id='word_1_103' title='bbox 770 1167 855 1223; x_wconf 81' lang='lat' dir='ltr'>illa</span> <span class='ocrx_word' id='word_1_104' title='bbox 905 1172 1199 1242; x_wconf 76' lang='lat' dir='ltr'>praedicarit</span> <span class='ocrx_word' id='word_1_105' title='bbox 1219 1212 1236 1237; x_wconf 91' lang='lat'><strong>‚</strong></span> 
     </span>
     <span class='ocr_line' id='line_1_17' title="bbox 56 1226 1238 1320; baseline 0.019 -41"><span class='ocrx_word' id='word_1_106' title='bbox 56 1226 262 1304; x_wconf 36' lang='lat' dir='ltr'>quod&amp;</span> <span class='ocrx_word' id='word_1_107' title='bbox 281 1232 470 1289; x_wconf 85' lang='lat' dir='ltr'>dixerit</span> <span class='ocrx_word' id='word_1_108' title='bbox 485 1273 498 1294; x_wconf 83' lang='lat'>‚</span> <span class='ocrx_word' id='word_1_109' title='bbox 519 1237 584 1290; x_wconf 88' lang='lat' dir='ltr'>ab</span> <span class='ocrx_word' id='word_1_110' title='bbox 605 1257 713 1294; x_wconf 88' lang='lat' dir='ltr'>vna</span> <span class='ocrx_word' id='word_1_111' title='bbox 727 1258 853 1296; x_wconf 83' lang='lat' dir='ltr'>rana</span> <span class='ocrx_word' id='word_1_112' title='bbox 870 1241 1132 1299; x_wconf 83' lang='lat' dir='ltr'>decuriam</span> <span class='ocrx_word' id='word_1_113' title='bbox 1153 1248 1238 1320; x_wconf 80' lang='lat' dir='ltr'>ip-</span> 
     </span>
     <span class='ocr_line' id='line_1_18' title="bbox 52 1299 1237 1385; baseline 0.018 -31"><span class='ocrx_word' id='word_1_114' title='bbox 52 1299 228 1357; x_wconf 89' lang='lat' dir='ltr'>sorum</span> <span class='ocrx_word' id='word_1_115' title='bbox 253 1345 267 1368; x_wconf 91' lang='lat'>,</span> <span class='ocrx_word' id='word_1_116' title='bbox 286 1305 391 1362; x_wconf 84' lang='lat' dir='ltr'>fine</span> <span class='ocrx_word' id='word_1_117' title='bbox 409 1307 596 1364; x_wconf 83' lang='lat' dir='ltr'>labore</span> <span class='ocrx_word' id='word_1_118' title='bbox 615 1313 833 1385; x_wconf 84' lang='lat' dir='ltr'>quidem</span> <span class='ocrx_word' id='word_1_119' title='bbox 854 1354 868 1375; x_wconf 90' lang='lat'>‚</span> <span class='ocrx_word' id='word_1_120' title='bbox 891 1321 961 1376; x_wconf 69' lang='grc' dir='ltr'>δε,</span> <span class='ocrx_word' id='word_1_121' title='bbox 978 1332 1039 1371; x_wconf 89' lang='lat' dir='ltr'>vt</span> <span class='ocrx_word' id='word_1_122' title='bbox 1055 1320 1237 1375; x_wconf 86' lang='lat' dir='ltr'>Graeci</span> 
     </span>
     <span class='ocr_line' id='line_1_19' title="bbox 48 1372 1231 1464; baseline 0.018 -38"><span class='ocrx_word' id='word_1_123' title='bbox 48 1372 226 1438; x_wconf 87' lang='lat' dir='ltr'>aiunt,</span> <span class='ocrx_word' id='word_1_124' title='bbox 241 1383 411 1442; x_wconf 60' lang='grc' dir='ltr'>ἀκονιτὶ,</span> <span class='ocrx_word' id='word_1_125' title='bbox 436 1376 661 1454; x_wconf 86' lang='lat' dir='ltr'>superari</span> <span class='ocrx_word' id='word_1_126' title='bbox 689 1387 852 1459; x_wconf 76' lang='lat' dir='ltr'>poffe.</span> <span class='ocrx_word' id='word_1_127' title='bbox 874 1390 1019 1464; x_wconf 83' lang='lat' dir='ltr'>Ergo</span> <span class='ocrx_word' id='word_1_128' title='bbox 1041 1395 1231 1447; x_wconf 86' lang='lat' dir='ltr'>&amp;mus</span> 
     </span>
     <span class='ocr_line' id='line_1_20' title="bbox 48 1446 1229 1528; baseline 0.017 -28"><span class='ocrx_word' id='word_1_129' title='bbox 48 1447 228 1509; x_wconf 87' lang='lat' dir='ltr'>iratus,</span> <span class='ocrx_word' id='word_1_130' title='bbox 248 1446 382 1528; x_wconf 28' lang='lat' dir='ltr'>aitise</span> <span class='ocrx_word' id='word_1_131' title='bbox 399 1469 591 1526; x_wconf 87' lang='lat' dir='ltr'>cupere</span> <span class='ocrx_word' id='word_1_132' title='bbox 609 1476 727 1511; x_wconf 85' lang='lat' dir='ltr'>cum</span> <span class='ocrx_word' id='word_1_133' title='bbox 748 1479 873 1515; x_wconf 89' lang='lat' dir='ltr'>rana</span> <span class='ocrx_word' id='word_1_134' title='bbox 889 1464 942 1515; x_wconf 89' lang='lat' dir='ltr'>in</span> <span class='ocrx_word' id='word_1_135' title='bbox 963 1481 1229 1520; x_wconf 85' lang='lat' dir='ltr'>certamen</span> 
     </span>
     <span class='ocr_line' id='line_1_21' title="bbox 50 1517 1230 1604; baseline 0.018 -32"><span class='ocrx_word' id='word_1_136' title='bbox 50 1517 378 1575; x_wconf 82' lang='lat' dir='ltr'>descendere.</span> <span class='ocrx_word' id='word_1_137' title='bbox 396 1528 707 1604; x_wconf 69' lang='lat' dir='ltr'>Astignatur</span> <span class='ocrx_word' id='word_1_138' title='bbox 726 1532 878 1587; x_wconf 81' lang='lat' dir='ltr'>locus</span> <span class='ocrx_word' id='word_1_139' title='bbox 899 1533 1230 1593; x_wconf 82' lang='lat' dir='ltr'>dimicationi</span> 
     </span>
     <span class='ocr_line' id='line_1_22' title="bbox 0 1592 1230 1684; baseline 0.016 -39"><span class='ocrx_word' id='word_1_140' title='bbox 0 1651 2 1661; x_wconf 17' lang='lat' dir='ltr'>k</span> <span class='ocrx_word' id='word_1_141' title='bbox 47 1610 264 1666; x_wconf 84' lang='lat' dir='ltr'>campus</span> <span class='ocrx_word' id='word_1_142' title='bbox 281 1592 535 1667; x_wconf 86' lang='lat' dir='ltr'>spaciosus</span> <span class='ocrx_word' id='word_1_143' title='bbox 554 1622 614 1657; x_wconf 87' lang='lat' dir='ltr'>ac</span> <span class='ocrx_word' id='word_1_144' title='bbox 633 1620 818 1675; x_wconf 84' lang='lat' dir='ltr'>patens</span> <span class='ocrx_word' id='word_1_145' title='bbox 834 1643 849 1665; x_wconf 82' lang='lat'><strong>‚</strong></span> <span class='ocrx_word' id='word_1_146' title='bbox 873 1612 927 1681; x_wconf 64' lang='grc' dir='ltr'>ὃς</span> <span class='ocrx_word' id='word_1_147' title='bbox 958 1625 1063 1663; x_wconf 86' lang='lat' dir='ltr'>tam</span> <span class='ocrx_word' id='word_1_148' title='bbox 1087 1615 1116 1665; x_wconf 81' lang='lat' dir='ltr'>a</span> <span class='ocrx_word' id='word_1_149' title='bbox 1133 1630 1230 1684; x_wconf 88' lang='lat' dir='ltr'>pa-</span> 
     </span>
     <span class='ocr_line' id='line_1_23' title="bbox 0 1664 1225 1741; baseline 0.016 -23"><span class='ocrx_word' id='word_1_150' title='bbox 0 1725 4 1739; x_wconf 48' lang='lat'><em>·</em></span> <span class='ocrx_word' id='word_1_151' title='bbox 46 1664 173 1720; x_wconf 88' lang='lat' dir='ltr'>lude</span> <span class='ocrx_word' id='word_1_152' title='bbox 205 1668 360 1739; x_wconf 70' lang='lat' dir='ltr'>quam</span> <span class='ocrx_word' id='word_1_153' title='bbox 383 1675 660 1730; x_wconf 69' lang='lat' dir='ltr'>cauci-nula</span> <span class='ocrx_word' id='word_1_154' title='bbox 692 1681 853 1732; x_wconf 86' lang='lat' dir='ltr'>muris</span> <span class='ocrx_word' id='word_1_155' title='bbox 872 1672 1150 1741; x_wconf 53' lang='lat' dir='ltr'>{emotion</span> <span class='ocrx_word' id='word_1_156' title='bbox 1170 1687 1225 1739; x_wconf 87' lang='lat' dir='ltr'>in</span> 
     </span>
     <span class='ocr_line' id='line_1_24' title="bbox 45 1739 1222 1827; baseline 0.019 -37"><span class='ocrx_word' id='word_1_157' title='bbox 45 1756 203 1812; x_wconf 86' lang='lat' dir='ltr'>quem</span> <span class='ocrx_word' id='word_1_158' title='bbox 223 1739 292 1793; x_wconf 82' lang='lat' dir='ltr'>illi</span> <span class='ocrx_word' id='word_1_159' title='bbox 311 1744 633 1814; x_wconf 72' lang='lat' dir='ltr'>praeliatores</span> <span class='ocrx_word' id='word_1_160' title='bbox 648 1748 912 1827; x_wconf 81' lang='lat' dir='ltr'>progressi</span> <span class='ocrx_word' id='word_1_161' title='bbox 932 1791 947 1815; x_wconf 90' lang='lat'><strong>,</strong></span> <span class='ocrx_word' id='word_1_162' title='bbox 965 1757 995 1810; x_wconf 72' lang='lat' dir='ltr'>a</span> <span class='ocrx_word' id='word_1_163' title='bbox 1016 1757 1222 1813; x_wconf 87' lang='lat' dir='ltr'>ciconia</span> 
     </span>
     <span class='ocr_line' id='line_1_25' title="bbox 43 1812 1039 1874; baseline 0.016 -7"><span class='ocrx_word' id='word_1_164' title='bbox 43 1813 226 1868; x_wconf 76' lang='lat' dir='ltr'>ociose</span> <span class='ocrx_word' id='word_1_165' title='bbox 256 1812 597 1874; x_wconf 86' lang='lat' dir='ltr'>deuorantur.</span> <span class='ocrx_word' id='word_1_166' title='bbox 1032 1838 1039 1846; x_wconf 78' lang='grc'><em>“</em></span> 
     </span>
     <span class='ocr_line' id='line_1_26' title="bbox 120 1887 1223 1968; baseline 0.017 -28"><span class='ocrx_word' id='word_1_167' title='bbox 120 1887 313 1957; x_wconf 86' lang='lat' dir='ltr'>Fabula</span> <span class='ocrx_word' id='word_1_168' title='bbox 333 1890 492 1962; x_wconf 83' lang='lat' dir='ltr'>docet</span> <span class='ocrx_word' id='word_1_169' title='bbox 508 1932 521 1955; x_wconf 89' lang='lat'><strong>,</strong></span> <span class='ocrx_word' id='word_1_170' title='bbox 542 1894 900 1968; x_wconf 61' lang='lat' dir='ltr'>saepenumero</span> <span class='ocrx_word' id='word_1_171' title='bbox 919 1902 1223 1959; x_wconf 75' lang='lat' dir='ltr'>commissos</span> 
     </span>
     <span class='ocr_line' id='line_1_27' title="bbox 38 1957 1223 2047; baseline 0.018 -35"><span class='ocrx_word' id='word_1_172' title='bbox 38 1957 183 2014; x_wconf 84' lang='lat' dir='ltr'>inter</span> <span class='ocrx_word' id='word_1_173' title='bbox 199 1963 250 2026; x_wconf 78' lang='lat' dir='ltr'>se</span> <span class='ocrx_word' id='word_1_174' title='bbox 260 1960 463 2036; x_wconf 86' lang='lat' dir='ltr'>aliquos</span> <span class='ocrx_word' id='word_1_175' title='bbox 483 2003 498 2028; x_wconf 85' lang='lat'>‚</span> <span class='ocrx_word' id='word_1_176' title='bbox 520 1971 571 2022; x_wconf 90' lang='lat'>&amp;</span> <span class='ocrx_word' id='word_1_177' title='bbox 590 1970 662 2023; x_wconf 86' lang='lat' dir='ltr'>ira</span> <span class='ocrx_word' id='word_1_178' title='bbox 679 1988 738 2023; x_wconf 89' lang='lat' dir='ltr'>ac</span> <span class='ocrx_word' id='word_1_179' title='bbox 774 1971 910 2047; x_wconf 87' lang='lat' dir='ltr'>odijs</span> <span class='ocrx_word' id='word_1_180' title='bbox 930 1976 1118 2031; x_wconf 75' lang='lat' dir='ltr'>mutuo</span> <span class='ocrx_word' id='word_1_181' title='bbox 1139 1996 1223 2032; x_wconf 82' lang='lat' dir='ltr'>ar-</span> 
     </span>
     <span class='ocr_line' id='line_1_28' title="bbox 46 2031 1188 2179; baseline 0.018 -93"><span class='ocrx_word' id='word_1_182' title='bbox 46 2031 230 2090; x_wconf 86' lang='lat' dir='ltr'>dentes</span> <span class='ocrx_word' id='word_1_183' title='bbox 252 2074 269 2100; x_wconf 88' lang='lat'>,</span> <span class='ocrx_word' id='word_1_184' title='bbox 286 2034 395 2111; x_wconf 78' lang='lat' dir='ltr'>alijs</span> <span class='ocrx_word' id='word_1_185' title='bbox 411 2040 606 2115; x_wconf 81' lang='lat' dir='ltr'>praedae</span> <span class='ocrx_word' id='word_1_186' title='bbox 622 2041 717 2099; x_wconf 82' lang='lat' dir='ltr'>effe</span> <span class='ocrx_word' id='word_1_187' title='bbox 733 2044 913 2102; x_wconf 80' lang='lat' dir='ltr'>solere.</span> <span class='ocrx_word' id='word_1_188' title='bbox 1013 2053 1017 2056; x_wconf 87' lang='grc'><strong>’</strong></span> <span class='ocrx_word' id='word_1_189' title='bbox 1130 2121 1188 2179; x_wconf 82' lang='lat' dir='ltr'><strong>D</strong></span> 
     </span>
     <span class='ocr_line' id='line_1_29' title="bbox 1193 2139 1223 2178; baseline 0 0"><span class='ocrx_word' id='word_1_190' title='bbox 1193 2139 1223 2178; x_wconf 67' lang='lat' dir='ltr'>G</span> 
     </span>
    </p>
   </div>
   <div class='ocr_carea' id='block_1_2' title="bbox 0 1781 44 2470">
    <p class='ocr_par' dir='ltr' id='par_1_2' title="bbox 0 1781 44 2470">
     <span class='ocr_line' id='line_1_30' title="bbox 0 1781 44 2470; baseline 0 -394"><span class='ocrx_word' id='word_1_191' title='bbox 0 1781 44 2470; x_wconf 95' lang='lat' dir='ltr'>    </span> 
     </span>
    </p>
   </div>
  </div>
 </body>
</html>
