<?xml version="1.0" encoding="UTF-8"?>
<!DOCTYPE html PUBLIC "-//W3C//DTD XHTML 1.0 Transitional//EN"
    "http://www.w3.org/TR/xhtml1/DTD/xhtml1-transitional.dtd">
<html xmlns="http://www.w3.org/1999/xhtml" xml:lang="en" lang="en">
 <head>
  <title>
</title>
<meta http-equiv="Content-Type" content="text/html;charset=utf-8" />
  <meta name='ocr-system' content='tesseract 3.04.00' />
  <meta name='ocr-capabilities' content='ocr_page ocr_carea ocr_par ocr_line ocrx_word'/>
</head>
<body>
  <div class='ocr_page' id='page_1' title='image "./fabulaecaesopica00came_0298.png"; bbox 0 0 1449 2455; ppageno 0'>
   <div class='ocr_carea' id='block_1_1' title="bbox 191 56 1427 377">
    <p class='ocr_par' dir='ltr' id='par_1_1' title="bbox 739 56 885 128">
     <span class='ocr_line' id='line_1_1' title="bbox 739 56 885 128; baseline 0 0"><span class='ocrx_word' id='word_1_1' title='bbox 739 56 826 128; x_wconf 86' lang='lat'>2&#39;7</span> <span class='ocrx_word' id='word_1_2' title='bbox 843 73 885 128; x_wconf 81' lang='lat'>4</span> 
     </span>
    </p>

    <p class='ocr_par' dir='ltr' id='par_1_2' title="bbox 191 165 1427 377">
     <span class='ocr_line' id='line_1_2' title="bbox 191 165 1397 241; baseline 0.003 -21"><span class='ocrx_word' id='word_1_3' title='bbox 191 165 451 227; x_wconf 50' lang='lat' dir='ltr'>‘solui-,res</span> <span class='ocrx_word' id='word_1_4' title='bbox 469 184 589 223; x_wconf 83' lang='lat' dir='ltr'>ante</span> <span class='ocrx_word' id='word_1_5' title='bbox 604 182 814 241; x_wconf 80' lang='lat' dir='ltr'>tempus</span> <span class='ocrx_word' id='word_1_6' title='bbox 848 165 1078 225; x_wconf 83' lang='lat' dir='ltr'>tonsurae</span> <span class='ocrx_word' id='word_1_7' title='bbox 1107 166 1397 224; x_wconf 77' lang='lat' dir='ltr'>vendidisse</span> 
     </span>
     <span class='ocr_line' id='line_1_3' title="bbox 213 239 1396 315; baseline 0.003 -19"><span class='ocrx_word' id='word_1_8' title='bbox 213 239 354 296; x_wconf 82' lang='lat' dir='ltr'>lanas</span> <span class='ocrx_word' id='word_1_9' title='bbox 377 239 596 301; x_wconf 86' lang='lat' dir='ltr'>dicitur,</span> <span class='ocrx_word' id='word_1_10' title='bbox 618 259 839 315; x_wconf 80' lang='lat' dir='ltr'>quarum</span> <span class='ocrx_word' id='word_1_11' title='bbox 868 243 1050 313; x_wconf 85' lang='lat' dir='ltr'>precio</span> <span class='ocrx_word' id='word_1_12' title='bbox 1069 241 1396 299; x_wconf 86' lang='lat' dir='ltr'>frumentum</span> 
     </span>
     <span class='ocr_line' id='line_1_4' title="bbox 217 310 1427 377; baseline 0.002 -9"><span class='ocrx_word' id='word_1_13' title='bbox 217 330 537 377; x_wconf 80' lang='lat' dir='ltr'><strong>mercaretur</strong></span> <span class='ocrx_word' id='word_1_14' title='bbox 555 353 569 376; x_wconf 93' lang='lat'><strong>,</strong></span> <span class='ocrx_word' id='word_1_15' title='bbox 588 319 640 370; x_wconf 71' lang='grc' dir='ltr'>δε</span> <span class='ocrx_word' id='word_1_16' title='bbox 658 314 771 368; x_wconf 86' lang='lat' dir='ltr'>cani</span> <span class='ocrx_word' id='word_1_17' title='bbox 790 310 1117 370; x_wconf 83' lang='lat' dir='ltr'>satisfaceret.</span> <span class='ocrx_word' id='word_1_18' title='bbox 1422 333 1427 338; x_wconf 84' lang='grc'><em>·</em></span> 
     </span>
    </p>
   </div>
   <div class='ocr_carea' id='block_1_2' title="bbox 215 385 1393 517">
    <p class='ocr_par' dir='ltr' id='par_1_3' title="bbox 215 385 1393 517">
     <span class='ocr_line' id='line_1_5' title="bbox 284 385 1393 462; baseline 0.004 -22"><span class='ocrx_word' id='word_1_19' title='bbox 284 385 482 442; x_wconf 87' lang='lat' dir='ltr'>Fabula</span> <span class='ocrx_word' id='word_1_20' title='bbox 513 386 704 447; x_wconf 84' lang='lat' dir='ltr'>docet,</span> <span class='ocrx_word' id='word_1_21' title='bbox 723 387 753 441; x_wconf 68' lang='lat' dir='ltr'>a</span> <span class='ocrx_word' id='word_1_22' title='bbox 792 386 992 442; x_wconf 83' lang='lat' dir='ltr'>malicia</span> <span class='ocrx_word' id='word_1_23' title='bbox 1020 387 1393 462; x_wconf 83' lang='lat' dir='ltr'>potentiorum</span> 
     </span>
     <span class='ocr_line' id='line_1_6' title="bbox 215 458 1121 517; baseline 0.004 -4"><span class='ocrx_word' id='word_1_24' title='bbox 215 458 409 514; x_wconf 80' lang='lat' dir='ltr'>nullius</span> <span class='ocrx_word' id='word_1_25' title='bbox 429 460 790 515; x_wconf 84' lang='lat' dir='ltr'>innocentiam</span> <span class='ocrx_word' id='word_1_26' title='bbox 822 475 988 515; x_wconf 83' lang='lat' dir='ltr'>tutam</span> <span class='ocrx_word' id='word_1_27' title='bbox 1008 460 1121 517; x_wconf 78' lang='lat' dir='ltr'>esse.</span> 
     </span>
    </p>
   </div>
   <div class='ocr_carea' id='block_1_3' title="bbox 389 605 1239 663">
    <p class='ocr_par' dir='ltr' id='par_1_4' title="bbox 389 605 1239 663">
     <span class='ocr_line' id='line_1_7' title="bbox 389 605 1239 663; baseline 0.002 -3"><span class='ocrx_word' id='word_1_28' title='bbox 389 605 740 660; x_wconf 75' lang='lat' dir='ltr'>Hol-:nvs</span> <span class='ocrx_word' id='word_1_29' title='bbox 790 624 886 660; x_wconf 74' lang='lat' dir='ltr'>ET</span> <span class='ocrx_word' id='word_1_30' title='bbox 930 605 1239 663; x_wconf 77' lang='lat' dir='ltr'>LVPVS.</span> 
     </span>
    </p>
   </div>
   <div class='ocr_carea' id='block_1_4' title="bbox 161 748 1419 2264">
    <p class='ocr_par' dir='ltr' id='par_1_5' title="bbox 161 748 1419 2264">
     <span class='ocr_line' id='line_1_8' title="bbox 218 748 1389 853; baseline 0.002 -47"><span class='ocrx_word' id='word_1_31' title='bbox 218 748 417 853; x_wconf 85' lang='lat' dir='ltr'>CVm</span> <span class='ocrx_word' id='word_1_32' title='bbox 434 749 616 824; x_wconf 86' lang='lat' dir='ltr'>lupum</span> <span class='ocrx_word' id='word_1_33' title='bbox 638 749 862 807; x_wconf 58' lang='lat' dir='ltr'>eu&#39;asiss&#39;et</span> <span class='ocrx_word' id='word_1_34' title='bbox 879 750 1068 806; x_wconf 83' lang='lat' dir='ltr'>hoedus</span> <span class='ocrx_word' id='word_1_35' title='bbox 1085 791 1100 814; x_wconf 85' lang='lat'>‚</span> <span class='ocrx_word' id='word_1_36' title='bbox 1115 756 1177 809; x_wconf 71' lang='grc' dir='ltr'>δε</span> <span class='ocrx_word' id='word_1_37' title='bbox 1194 749 1389 821; x_wconf 46' lang='lat' dir='ltr'>confu-</span> 
     </span>
     <span class='ocr_line' id='line_1_9' title="bbox 305 822 1392 899; baseline 0.006 -23"><span class='ocrx_word' id='word_1_38' title='bbox 305 822 447 899; x_wconf 80' lang='lat' dir='ltr'>giffet</span> <span class='ocrx_word' id='word_1_39' title='bbox 463 823 516 876; x_wconf 90' lang='lat' dir='ltr'>in</span> <span class='ocrx_word' id='word_1_40' title='bbox 535 823 731 879; x_wconf 85' lang='lat' dir='ltr'>caulam</span> <span class='ocrx_word' id='word_1_41' title='bbox 752 828 934 879; x_wconf 86' lang='lat' dir='ltr'>ouium</span> <span class='ocrx_word' id='word_1_42' title='bbox 951 847 966 880; x_wconf 83' lang='lat'>.-</span> <span class='ocrx_word' id='word_1_43' title='bbox 985 825 1131 890; x_wconf 82' lang='lat' dir='ltr'>Qid</span> <span class='ocrx_word' id='word_1_44' title='bbox 1148 842 1205 881; x_wconf 90' lang='lat' dir='ltr'>tu</span> <span class='ocrx_word' id='word_1_45' title='bbox 1221 823 1392 888; x_wconf 65' lang='lat' dir='ltr'>stulte3</span> 
     </span>
     <span class='ocr_line' id='line_1_10' title="bbox 211 892 1388 973; baseline 0.004 -24"><span class='ocrx_word' id='word_1_46' title='bbox 211 896 384 968; x_wconf 85' lang='lat' dir='ltr'>inquit</span> <span class='ocrx_word' id='word_1_47' title='bbox 401 896 484 951; x_wconf 82' lang='lat' dir='ltr'>ille</span> <span class='ocrx_word' id='word_1_48' title='bbox 500 935 513 956; x_wconf 89' lang='lat'>‚</span> <span class='ocrx_word' id='word_1_49' title='bbox 533 892 618 951; x_wconf 63' lang='lat' dir='ltr'>hic</span> <span class='ocrx_word' id='word_1_50' title='bbox 634 913 687 951; x_wconf 87' lang='lat' dir='ltr'>te</span> <span class='ocrx_word' id='word_1_51' title='bbox 716 897 912 952; x_wconf 83' lang='lat' dir='ltr'>saluum</span> <span class='ocrx_word' id='word_1_52' title='bbox 944 896 1179 953; x_wconf 83' lang='lat' dir='ltr'>futurum</span> <span class='ocrx_word' id='word_1_53' title='bbox 1199 898 1388 973; x_wconf 85' lang='lat' dir='ltr'>speras,</span> 
     </span>
     <span class='ocr_line' id='line_1_11' title="bbox 212 968 1394 1045; baseline 0.004 -23"><span class='ocrx_word' id='word_1_54' title='bbox 212 968 494 1024; x_wconf 83' lang='lat' dir='ltr'>vbivideas</span> <span class='ocrx_word' id='word_1_55' title='bbox 515 969 755 1042; x_wconf 81' lang='lat' dir='ltr'>quotidie</span> <span class='ocrx_word' id='word_1_56' title='bbox 773 971 837 1024; x_wconf 85' lang='lat' dir='ltr'>ad</span> <span class='ocrx_word' id='word_1_57' title='bbox 857 970 997 1026; x_wconf 71' lang='lat' dir='ltr'>caede</span> <span class='ocrx_word' id='word_1_58' title='bbox 1016 973 1125 1044; x_wconf 83' lang='lat' dir='ltr'>rapi</span> <span class='ocrx_word' id='word_1_59' title='bbox 1141 971 1394 1045; x_wconf 86' lang='lat' dir='ltr'>pecudes,</span> 
     </span>
     <span class='ocr_line' id='line_1_12' title="bbox 161 1042 1390 1118; baseline 0.003 -23"><span class='ocrx_word' id='word_1_60' title='bbox 161 1066 165 1068; x_wconf 46' lang='lat'>‘</span> <span class='ocrx_word' id='word_1_61' title='bbox 215 1045 268 1096; x_wconf 70' lang='grc' dir='ltr'>δι’</span> <span class='ocrx_word' id='word_1_62' title='bbox 291 1043 498 1097; x_wconf 65' lang='lat' dir='ltr'>mastari</span> <span class='ocrx_word' id='word_1_63' title='bbox 520 1042 615 1115; x_wconf 85' lang='lat' dir='ltr'>dijs</span> <span class='ocrx_word' id='word_1_64' title='bbox 631 1045 658 1097; x_wconf 74' lang='grc' dir='ltr'>’ἰ</span> <span class='ocrx_word' id='word_1_65' title='bbox 675 1043 804 1098; x_wconf 89' lang='lat' dir='ltr'>Non</span> <span class='ocrx_word' id='word_1_66' title='bbox 825 1063 971 1104; x_wconf 84' lang='lat' dir='ltr'>curo,</span> <span class='ocrx_word' id='word_1_67' title='bbox 990 1046 1162 1118; x_wconf 86' lang='lat' dir='ltr'>inquit</span> <span class='ocrx_word' id='word_1_68' title='bbox 1177 1043 1390 1106; x_wconf 86' lang='lat' dir='ltr'>hoedus,</span> 
     </span>
     <span class='ocr_line' id='line_1_13' title="bbox 212 1113 1390 1190; baseline 0.003 -22"><span class='ocrx_word' id='word_1_69' title='bbox 212 1133 335 1169; x_wconf 85' lang='lat' dir='ltr'>nam</span> <span class='ocrx_word' id='word_1_70' title='bbox 357 1113 391 1169; x_wconf 82' lang='lat' dir='ltr'>fi</span> <span class='ocrx_word' id='word_1_71' title='bbox 413 1114 751 1170; x_wconf 85' lang='lat' dir='ltr'>moriendum</span> <span class='ocrx_word' id='word_1_72' title='bbox 772 1114 848 1176; x_wconf 87' lang='lat' dir='ltr'>fit,</span> <span class='ocrx_word' id='word_1_73' title='bbox 870 1133 1070 1190; x_wconf 87' lang='lat' dir='ltr'>quanto</span> <span class='ocrx_word' id='word_1_74' title='bbox 1089 1116 1390 1190; x_wconf 84' lang='lat' dir='ltr'>praeclarius</span> 
     </span>
     <span class='ocr_line' id='line_1_14' title="bbox 219 1186 1393 1265; baseline 0.003 -24"><span class='ocrx_word' id='word_1_75' title='bbox 219 1189 346 1242; x_wconf 88' lang='lat' dir='ltr'>mihi</span> <span class='ocrx_word' id='word_1_76' title='bbox 365 1186 664 1250; x_wconf 84' lang='lat' dir='ltr'>fuerit‚meo</span> <span class='ocrx_word' id='word_1_77' title='bbox 684 1207 872 1244; x_wconf 85' lang='lat' dir='ltr'>cruore</span> <span class='ocrx_word' id='word_1_78' title='bbox 890 1188 1109 1265; x_wconf 84' lang='lat' dir='ltr'>respergi</span> <span class='ocrx_word' id='word_1_79' title='bbox 1128 1210 1238 1245; x_wconf 84' lang='lat' dir='ltr'>aras</span> <span class='ocrx_word' id='word_1_80' title='bbox 1257 1187 1393 1255; x_wconf 81' lang='lat' dir='ltr'>deo&#39;-</span> 
     </span>
     <span class='ocr_line' id='line_1_15' title="bbox 212 1261 1387 1338; baseline 0.005 -25"><span class='ocrx_word' id='word_1_81' title='bbox 212 1280 330 1316; x_wconf 82' lang='lat' dir='ltr'>rum</span> <span class='ocrx_word' id='word_1_82' title='bbox 366 1261 746 1317; x_wconf 85' lang='lat' dir='ltr'>immortalium</span> <span class='ocrx_word' id='word_1_83' title='bbox 763 1302 777 1324; x_wconf 89' lang='lat'>‚</span> <span class='ocrx_word' id='word_1_84' title='bbox 811 1265 971 1335; x_wconf 71' lang='lat' dir='ltr'>quam</span> <span class='ocrx_word' id='word_1_85' title='bbox 1004 1264 1200 1338; x_wconf 83' lang='lat' dir='ltr'>irrigari</span> <span class='ocrx_word' id='word_1_86' title='bbox 1230 1261 1387 1319; x_wconf 65' lang='lat' dir='ltr'>siccas</span> 
     </span>
     <span class='ocr_line' id='line_1_16' title="bbox 215 1333 1311 1409; baseline 0.003 -20"><span class='ocrx_word' id='word_1_87' title='bbox 215 1336 324 1409; x_wconf 83' lang='lat' dir='ltr'>lupi</span> <span class='ocrx_word' id='word_1_88' title='bbox 343 1333 558 1389; x_wconf 52' lang='lat' dir='ltr'>fauces&lt;</span> <span class='ocrx_word' id='word_1_89' title='bbox 798 1355 813 1358; x_wconf 70' lang='grc'>’·</span> <span class='ocrx_word' id='word_1_90' title='bbox 1309 1403 1311 1406; x_wconf 12' lang='lat' dir='ltr'>v</span> 
     </span>
     <span class='ocr_line' id='line_1_17' title="bbox 292 1406 1416 1483; baseline 0.003 -22"><span class='ocrx_word' id='word_1_91' title='bbox 292 1409 559 1483; x_wconf 80' lang='lat' dir='ltr'>Significat</span> <span class='ocrx_word' id='word_1_92' title='bbox 574 1406 747 1464; x_wconf 76' lang='lat' dir='ltr'>fabula</span> <span class='ocrx_word' id='word_1_93' title='bbox 761 1446 775 1467; x_wconf 91' lang='lat'>,</span> <span class='ocrx_word' id='word_1_94' title='bbox 796 1422 1025 1463; x_wconf 86' lang='lat' dir='ltr'>mortem</span> <span class='ocrx_word' id='word_1_95' title='bbox 1044 1422 1389 1465; x_wconf 83' lang='lat' dir='ltr'>communem</span> <span class='ocrx_word' id='word_1_96' title='bbox 1413 1421 1416 1423; x_wconf 74' lang='grc'><strong><em>’</em></strong></span> 
     </span>
     <span class='ocr_line' id='line_1_18' title="bbox 217 1480 1392 1553; baseline 0.002 -18"><span class='ocrx_word' id='word_1_97' title='bbox 217 1486 271 1535; x_wconf 86' lang='lat'>&amp;</span> <span class='ocrx_word' id='word_1_98' title='bbox 304 1497 535 1553; x_wconf 85' lang='lat' dir='ltr'>paratam</span> <span class='ocrx_word' id='word_1_99' title='bbox 567 1482 817 1536; x_wconf 87' lang='lat' dir='ltr'>omnibus</span> <span class='ocrx_word' id='word_1_100' title='bbox 868 1499 987 1534; x_wconf 84' lang='lat' dir='ltr'>cum</span> <span class='ocrx_word' id='word_1_101' title='bbox 1029 1480 1302 1536; x_wconf 83' lang='lat' dir='ltr'>honestate</span> <span class='ocrx_word' id='word_1_102' title='bbox 1333 1485 1392 1537; x_wconf 72' lang='grc' dir='ltr'>δε</span> 
     </span>
     <span class='ocr_line' id='line_1_19' title="bbox 213 1550 1391 1629; baseline -0.001 -20"><span class='ocrx_word' id='word_1_103' title='bbox 213 1553 368 1609; x_wconf 83' lang='lat' dir='ltr'>laude</span> <span class='ocrx_word' id='word_1_104' title='bbox 386 1554 905 1629; x_wconf 72' lang='lat' dir='ltr'>coniungi&#39;oportere</span> <span class='ocrx_word' id='word_1_105' title='bbox 922 1593 936 1614; x_wconf 91' lang='lat'>‚</span> <span class='ocrx_word' id='word_1_106' title='bbox 956 1550 992 1607; x_wconf 84' lang='lat' dir='ltr'>fi</span> <span class='ocrx_word' id='word_1_107' title='bbox 1007 1554 1120 1608; x_wconf 86' lang='lat' dir='ltr'>fieri</span> <span class='ocrx_word' id='word_1_108' title='bbox 1135 1553 1247 1609; x_wconf 83' lang='lat' dir='ltr'>vllo</span> <span class='ocrx_word' id='word_1_109' title='bbox 1268 1571 1391 1608; x_wconf 71' lang='lat' dir='ltr'>mo-</span> 
     </span>
     <span class='ocr_line' id='line_1_20' title="bbox 213 1624 1387 1701; baseline 0 -21"><span class='ocrx_word' id='word_1_110' title='bbox 213 1628 286 1681; x_wconf 92' lang='lat' dir='ltr'>do</span> <span class='ocrx_word' id='word_1_111' title='bbox 333 1625 512 1701; x_wconf 87' lang='lat' dir='ltr'>possit.</span> <span class='ocrx_word' id='word_1_112' title='bbox 555 1624 846 1700; x_wconf 52' lang='lat' dir='ltr'>Pertinetss</span> <span class='ocrx_word' id='word_1_113' title='bbox 885 1625 991 1681; x_wconf 86' lang='lat' dir='ltr'>huc</span> <span class='ocrx_word' id='word_1_114' title='bbox 1026 1625 1387 1681; x_wconf 77' lang='lat' dir='ltr'>memorabilis</span> 
     </span>
     <span class='ocr_line' id='line_1_21' title="bbox 211 1696 1392 1773; baseline -0.001 -18"><span class='ocrx_word' id='word_1_115' title='bbox 211 1700 493 1760; x_wconf 82' lang='lat' dir='ltr'>sententia,</span> <span class='ocrx_word' id='word_1_116' title='bbox 541 1715 659 1773; x_wconf 69' lang='lat' dir='ltr'>quae</span> <span class='ocrx_word' id='word_1_117' title='bbox 689 1698 761 1753; x_wconf 85' lang='lat' dir='ltr'>est</span> <span class='ocrx_word' id='word_1_118' title='bbox 803 1696 972 1772; x_wconf 83' lang='lat' dir='ltr'>pofita</span> <span class='ocrx_word' id='word_1_119' title='bbox 1001 1699 1055 1753; x_wconf 90' lang='lat' dir='ltr'>in</span> <span class='ocrx_word' id='word_1_120' title='bbox 1085 1696 1392 1754; x_wconf 81' lang='lat' dir='ltr'>defenfione</span> 
     </span>
     <span class='ocr_line' id='line_1_22' title="bbox 215 1770 1386 1846; baseline -0.002 -20"><span class='ocrx_word' id='word_1_121' title='bbox 215 1770 574 1846; x_wconf 76' lang='lat' dir='ltr'>Ctesiphontis</span> <span class='ocrx_word' id='word_1_122' title='bbox 593 1796 607 1827; x_wconf 89' lang='lat'>.·</span> <span class='ocrx_word' id='word_1_123' title='bbox 626 1773 785 1826; x_wconf 85' lang='lat' dir='ltr'>finem</span> <span class='ocrx_word' id='word_1_124' title='bbox 809 1778 861 1826; x_wconf 85' lang='lat'>&amp;</span> <span class='ocrx_word' id='word_1_125' title='bbox 879 1774 1074 1827; x_wconf 77' lang='lat' dir='ltr'>exitum</span> <span class='ocrx_word' id='word_1_126' title='bbox 1091 1773 1218 1827; x_wconf 82' lang='lat' dir='ltr'>vitae</span> <span class='ocrx_word' id='word_1_127' title='bbox 1235 1789 1386 1825; x_wconf 73' lang='lat' dir='ltr'>mor-</span> 
     </span>
     <span class='ocr_line' id='line_1_23' title="bbox 217 1842 1390 1919; baseline -0.001 -19"><span class='ocrx_word' id='word_1_128' title='bbox 217 1862 322 1900; x_wconf 85' lang='lat' dir='ltr'>tem</span> <span class='ocrx_word' id='word_1_129' title='bbox 341 1844 591 1900; x_wconf 80' lang='lat' dir='ltr'>vniuerfis</span> <span class='ocrx_word' id='word_1_130' title='bbox 611 1844 707 1899; x_wconf 83' lang='lat' dir='ltr'>effe</span> <span class='ocrx_word' id='word_1_131' title='bbox 723 1843 1075 1919; x_wconf 86' lang='lat' dir='ltr'>propofitum,</span> <span class='ocrx_word' id='word_1_132' title='bbox 1092 1842 1316 1918; x_wconf 83' lang='lat' dir='ltr'>nequefi</span> <span class='ocrx_word' id='word_1_133' title='bbox 1333 1844 1390 1899; x_wconf 85' lang='lat' dir='ltr'>in</span> 
     </span>
     <span class='ocr_line' id='line_1_24' title="bbox 215 1913 1390 1990; baseline -0.002 -18"><span class='ocrx_word' id='word_1_134' title='bbox 215 1937 373 1972; x_wconf 78' lang='lat' dir='ltr'>cauea</span> <span class='ocrx_word' id='word_1_135' title='bbox 390 1917 621 1972; x_wconf 83' lang='lat' dir='ltr'>inclusus&#39;</span> <span class='ocrx_word' id='word_1_136' title='bbox 641 1917 821 1990; x_wconf 83' lang='lat' dir='ltr'>aliquis</span> <span class='ocrx_word' id='word_1_137' title='bbox 854 1916 1212 1973; x_wconf 83' lang='lat' dir='ltr'>afferuandum</span> <span class='ocrx_word' id='word_1_138' title='bbox 1231 1913 1278 1970; x_wconf 87' lang='lat' dir='ltr'>se</span> <span class='ocrx_word' id='word_1_139' title='bbox 1296 1935 1390 1970; x_wconf 87' lang='lat' dir='ltr'>cu-</span> 
     </span>
     <span class='ocr_line' id='line_1_25' title="bbox 215 1988 1419 2063; baseline -0.002 -18"><span class='ocrx_word' id='word_1_140' title='bbox 215 2002 294 2045; x_wconf 84' lang='lat' dir='ltr'>ret</span> <span class='ocrx_word' id='word_1_141' title='bbox 309 2031 324 2051; x_wconf 88' lang='lat'><strong>,</strong></span> <span class='ocrx_word' id='word_1_142' title='bbox 341 1990 463 2046; x_wconf 87' lang='lat' dir='ltr'>ideo</span> <span class='ocrx_word' id='word_1_143' title='bbox 483 1989 641 2046; x_wconf 86' lang='lat' dir='ltr'>latere</span> <span class='ocrx_word' id='word_1_144' title='bbox 659 1990 801 2045; x_wconf 86' lang='lat' dir='ltr'>illum</span> <span class='ocrx_word' id='word_1_145' title='bbox 822 1992 981 2045; x_wconf 81' lang='lat' dir='ltr'>morti</span> <span class='ocrx_word' id='word_1_146' title='bbox 999 1988 1159 2063; x_wconf 88' lang='lat' dir='ltr'>posse.</span> <span class='ocrx_word' id='word_1_147' title='bbox 1192 1989 1385 2044; x_wconf 84' lang='lat' dir='ltr'>Bonos</span> <span class='ocrx_word' id='word_1_148' title='bbox 1416 2024 1419 2027; x_wconf 89' lang='lat'><em>-</em></span> 
     </span>
     <span class='ocr_line' id='line_1_26' title="bbox 216 2061 1388 2127; baseline -0.003 -10"><span class='ocrx_word' id='word_1_149' title='bbox 216 2080 391 2118; x_wconf 83' lang='lat' dir='ltr'>autem</span> <span class='ocrx_word' id='word_1_150' title='bbox 411 2069 464 2119; x_wconf 74' lang='grc' dir='ltr'>δε</span> <span class='ocrx_word' id='word_1_151' title='bbox 481 2065 646 2127; x_wconf 82' lang='lat' dir='ltr'>fortes</span> <span class='ocrx_word' id='word_1_152' title='bbox 666 2065 812 2117; x_wconf 85' lang='lat' dir='ltr'>viros</span> <span class='ocrx_word' id='word_1_153' title='bbox 832 2065 1082 2119; x_wconf 87' lang='lat' dir='ltr'>virtutem</span> <span class='ocrx_word' id='word_1_154' title='bbox 1103 2061 1277 2117; x_wconf 88' lang='lat' dir='ltr'>colere</span> <span class='ocrx_word' id='word_1_155' title='bbox 1294 2061 1388 2114; x_wconf 77' lang='lat' dir='ltr'>de-</span> 
     </span>
     <span class='ocr_line' id='line_1_27' title="bbox 210 2131 1388 2214; baseline -0.006 -21"><span class='ocrx_word' id='word_1_156' title='bbox 210 2136 349 2202; x_wconf 87' lang='lat' dir='ltr'>bere,</span> <span class='ocrx_word' id='word_1_157' title='bbox 362 2138 417 2192; x_wconf 85' lang='lat' dir='ltr'>in</span> <span class='ocrx_word' id='word_1_158' title='bbox 437 2138 639 2214; x_wconf 86' lang='lat' dir='ltr'>optima</span> <span class='ocrx_word' id='word_1_159' title='bbox 656 2136 872 2212; x_wconf 72' lang='lat' dir='ltr'>,quidem</span> <span class='ocrx_word' id='word_1_160' title='bbox 893 2135 977 2213; x_wconf 88' lang='lat' dir='ltr'>spe</span> <span class='ocrx_word' id='word_1_161' title='bbox 995 2150 1301 2194; x_wconf 72' lang='lat' dir='ltr'>cucumam,</span> <span class='ocrx_word' id='word_1_162' title='bbox 1315 2131 1388 2188; x_wconf 69' lang='lat' dir='ltr'>fic</span> 
     </span>
     <span class='ocr_line' id='line_1_28' title="bbox 1182 2223 1410 2264; baseline -0.004 0"><span class='ocrx_word' id='word_1_163' title='bbox 1182 2223 1362 2264; x_wconf 84' lang='lat' dir='ltr'>tamen</span> <span class='ocrx_word' id='word_1_164' title='bbox 1378 2234 1410 2255; x_wconf 77' lang='lat' dir='ltr'>s·-</span> 
     </span>
    </p>
   </div>
  </div>
 </body>
</html>
